%% This BibTeX bibliography file was created using BibDesk.
%% http://bibdesk.sourceforge.net/


%% Created for Dennis Evangelista at 2012-03-13 11:32:38 -0700 


%% Saved with string encoding Unicode (UTF-8) 



@article{OpenCV,
	Author = {Bradski, Gary},
	Date-Added = {2012-03-13 18:30:26 +0000},
	Date-Modified = {2012-03-13 18:32:38 +0000},
	Journal = {Dr. Dobb's Journal of Software Tools},
	Keywords = {bibtex-import},
	Title = {The {OpenCV} library},
	Year = {2000}}

@article{Bishop:2006,
	Abstract = {Gliding is the simplest form of flight, yet relatively little is known about its mechanics in animals. The goal of this study was to describe the body position and performance of a gliding mammal and to identify correlates between kinematics and aerodynamic performance. To do this, I used a pair of high-speed digital cameras to record a portion of the middle of glides by southern flying squirrels, Glaucomys volans. The squirrels launched from a height of 4 m and landed on a vertical pole. Reflective markers were applied to anatomical landmarks and the 3-D coordinates of these points were computed to describe the kinematics of the glides. From these data I estimated the lift and drag generated during the glide, and correlated these variables with gliding performance as measured by glide angle, glide speed and stability. In the majority of the glide sequences the squirrels accelerated in the downward direction and accelerated horizontally forward as they moved through the calibrated volume in the middle of the glide trajectory, rather than exhibiting a steady glide in which the body weight is balanced by the resultant aerodynamic force. Compared to human engineered airfoils, the angles of attack used by the squirrels were unexpectedly high, ranging from 35.4 degrees to 53.5 degrees , far above the angle of attack at which an aircraft wing would typically stall. As expected based on aerodynamic theory, there was a negative correlation between angle of attack and lift coefficient, indicating that the wings are stalled, and a positive correlation between angle of attack and drag coefficient. Also as expected, there was a negative correlation between lift-to-drag ratio and angle of attack, as increasing angle of attack produced both less lift and more drag. Within glides, there was a strong correlation between nose-down pitching rotations and limb movements that tended to increase the angle of attack of the wing membrane, suggesting that the animals actively control their pitch by moving their limbs. The squirrels used much steeper glide angles than those reported for other gliding animals, ranging from 40.4 degrees to 57.4 degrees . It is likely that this is because they did not launch from a great enough height to reach their minimum glide angle. In some trials the glide angle increased over the captured portion of the glide, whereas in others it decreased, and the magnitude of the changes varied substantially, rendering it difficult to ascertain which portion of the glide trajectory was represented. Decreases in glide angle were strongly correlated with increases in lift coefficient, but were uncorrelated with drag coefficient.},
	Affiliation = {Department of Ecology and Evolutionary Biology, Brown University, Providence, RI 02912, USA. Kristin_Bishop@brown.edu},
	Author = {Kristin L Bishop},
	Date-Added = {2012-03-13 18:10:51 +0000},
	Date-Modified = {2012-03-13 18:10:51 +0000},
	Doi = {10.1242/jeb.02062},
	Journal = {J. Exp. Biol.},
	Keywords = {Flight, Animal, Biomechanics, Animals, Sciuridae},
	Language = {English},
	Local-Url = {file://localhost/Users/dennisevangelista/Documents/Papers/2006/Bishop/J.%20Exp.%20Biol.%202006%20Bishop.pdf},
	Month = {Feb},
	Number = {Pt 4},
	Pages = {689--701},
	Pii = {209/4/689},
	Pmid = {16449563},
	Rating = {0},
	Read = {Yes},
	Title = {The relationship between 3-{D} kinematics and gliding performance in the southern flying squirrel, \emph{{G}laucomys volans}},
	Uri = {papers://7745578F-AF22-43C6-9381-71DCABA46510/Paper/p870},
	Volume = {209},
	Year = {2006},
	Bdsk-File-1 = {YnBsaXN0MDDUAQIDBAUIJidUJHRvcFgkb2JqZWN0c1gkdmVyc2lvblkkYXJjaGl2ZXLRBgdUcm9vdIABqAkKFRYXGyIjVSRudWxs0wsMDQ4RFFpOUy5vYmplY3RzV05TLmtleXNWJGNsYXNzog8QgASABqISE4ACgAOAB1lhbGlhc0RhdGFccmVsYXRpdmVQYXRo0hgNGRpXTlMuZGF0YU8RAhAAAAAAAhAAAgAADE1hY2ludG9zaCBIRAAAAAAAAAAAAAAAAAAAAMNhm/VIKwAAEzTkPhpKIEV4cCBCaW9sIDIwMDYgQmlzaG9wLnBkZgAAAAAAAAAAAAAAAAAAAAAAAAAAAAAAAAAAAAAAAAAAAAAAAAATNOQ/wApW8QAAAAAAAAAA/////wAACSAAAAAAAAAAAAAAAAAAAAAGQmlzaG9wABAACAAAw2IMdQAAABEACAAAwArHcQAAAAEAHBM05D4TNN+oEzTflxM030sAC9/aAAvfhQAAeWsAAgBtTWFjaW50b3NoIEhEOlVzZXJzOgBkZW5uaXNldmFuZ2VsaXN0YToARG9jdW1lbnRzOgBQYXBlcnMyOgBBcnRpY2xlczoAMjAwNjoAQmlzaG9wOgBKIEV4cCBCaW9sIDIwMDYgQmlzaG9wLnBkZgAADgA2ABoASgAgAEUAeABwACAAQgBpAG8AbAAgADIAMAAwADYAIABCAGkAcwBoAG8AcAAuAHAAZABmAA8AGgAMAE0AYQBjAGkAbgB0AG8AcwBoACAASABEABIAWVVzZXJzL2Rlbm5pc2V2YW5nZWxpc3RhL0RvY3VtZW50cy9QYXBlcnMyL0FydGljbGVzLzIwMDYvQmlzaG9wL0ogRXhwIEJpb2wgMjAwNiBCaXNob3AucGRmAAATAAEvAAAVAAIAGP//AACABdIcHR4fWCRjbGFzc2VzWiRjbGFzc25hbWWjHyAhXU5TTXV0YWJsZURhdGFWTlNEYXRhWE5TT2JqZWN0XxBiLi4vLi4vLi4vVXNlcnMvZGVubmlzZXZhbmdlbGlzdGEvRG9jdW1lbnRzL1BhcGVyczIvQXJ0aWNsZXMvMjAwNi9CaXNob3AvSiBFeHAgQmlvbCAyMDA2IEJpc2hvcC5wZGbSHB0kJaIlIVxOU0RpY3Rpb25hcnkSAAGGoF8QD05TS2V5ZWRBcmNoaXZlcgAIABEAFgAfACgAMgA1ADoAPABFAEsAUgBdAGUAbABvAHEAcwB2AHgAegB8AIYAkwCYAKACtAK2ArsCxALPAtMC4QLoAvEDVgNbA14DawNwAAAAAAAAAgEAAAAAAAAAKAAAAAAAAAAAAAAAAAAAA4I=},
	Bdsk-Url-1 = {http://dx.doi.org/10.1242/jeb.02062}}

@article{Clark:2008,
	Author = {Christopher James Clark and Teresa J Feo},
	Date-Added = {2012-03-13 18:10:51 +0000},
	Date-Modified = {2012-03-13 18:10:51 +0000},
	Doi = {doi:10.1098/rspb.2007.1619},
	Journal = {Proc. R. Soc. B},
	Local-Url = {file://localhost/Users/dennisevangelista/Documents/Papers/2008/Clark/Proc.%20R.%20Soc.%20B%202008%20Clark.pdf},
	Month = {Jul},
	Pages = {955--962},
	Rating = {0},
	Read = {Yes},
	Title = {The {A}nna's {H}ummingbird chirps with its tail: a new mechanism of sonation in birds},
	Uri = {papers://7745578F-AF22-43C6-9381-71DCABA46510/Paper/p6269},
	Volume = {275},
	Year = {2008},
	Bdsk-File-1 = {YnBsaXN0MDDUAQIDBAUIJidUJHRvcFgkb2JqZWN0c1gkdmVyc2lvblkkYXJjaGl2ZXLRBgdUcm9vdIABqAkKFRYXGyIjVSRudWxs0wsMDQ4RFFpOUy5vYmplY3RzV05TLmtleXNWJGNsYXNzog8QgASABqISE4ACgAOAB1lhbGlhc0RhdGFccmVsYXRpdmVQYXRo0hgNGRpXTlMuZGF0YU8RAhwAAAAAAhwAAgAADE1hY2ludG9zaCBIRAAAAAAAAAAAAAAAAAAAAMNhm/VIKwAAEzUUMR5Qcm9jLiBSLiBTb2MuIEIgMjAwOCBDbGFyay5wZGYAAAAAAAAAAAAAAAAAAAAAAAAAAAAAAAAAAAAAAAAAAAATNRQyxknuwwAAAAAAAAAA/////wAACSAAAAAAAAAAAAAAAAAAAAAFQ2xhcmsAABAACAAAw2IMdQAAABEACAAAxkpRMwAAAAEAHBM1FDETNOnaEzTflxM030sAC9/aAAvfhQAAeWsAAgBwTWFjaW50b3NoIEhEOlVzZXJzOgBkZW5uaXNldmFuZ2VsaXN0YToARG9jdW1lbnRzOgBQYXBlcnMyOgBBcnRpY2xlczoAMjAwODoAQ2xhcms6AFByb2MuIFIuIFNvYy4gQiAyMDA4IENsYXJrLnBkZgAOAD4AHgBQAHIAbwBjAC4AIABSAC4AIABTAG8AYwAuACAAQgAgADIAMAAwADgAIABDAGwAYQByAGsALgBwAGQAZgAPABoADABNAGEAYwBpAG4AdABvAHMAaAAgAEgARAASAFxVc2Vycy9kZW5uaXNldmFuZ2VsaXN0YS9Eb2N1bWVudHMvUGFwZXJzMi9BcnRpY2xlcy8yMDA4L0NsYXJrL1Byb2MuIFIuIFNvYy4gQiAyMDA4IENsYXJrLnBkZgATAAEvAAAVAAIAGP//AACABdIcHR4fWCRjbGFzc2VzWiRjbGFzc25hbWWjHyAhXU5TTXV0YWJsZURhdGFWTlNEYXRhWE5TT2JqZWN0XxBlLi4vLi4vLi4vVXNlcnMvZGVubmlzZXZhbmdlbGlzdGEvRG9jdW1lbnRzL1BhcGVyczIvQXJ0aWNsZXMvMjAwOC9DbGFyay9Qcm9jLiBSLiBTb2MuIEIgMjAwOCBDbGFyay5wZGbSHB0kJaIlIVxOU0RpY3Rpb25hcnkSAAGGoF8QD05TS2V5ZWRBcmNoaXZlcgAIABEAFgAfACgAMgA1ADoAPABFAEsAUgBdAGUAbABvAHEAcwB2AHgAegB8AIYAkwCYAKACwALCAscC0ALbAt8C7QL0Av0DZQNqA20DegN/AAAAAAAAAgEAAAAAAAAAKAAAAAAAAAAAAAAAAAAAA5E=},
	Bdsk-Url-1 = {http://dx.doi.org/10.1098/rspb.2007.1619}}

@article{Clark:2009,
	Affiliation = {UC Berkeley},
	Author = {Christopher James Clark},
	Date-Added = {2012-03-13 18:10:51 +0000},
	Date-Modified = {2012-03-13 18:10:51 +0000},
	Journal = {Proceedings of the Royal Society B: Biological Sciences},
	Local-Url = {file://localhost/Users/dennisevangelista/Documents/Papers/2009/Clark/Proceedings%20of%20the%20Royal%20Society%20B%20Biological%20Sciences%202009%20Clark-1.pdf},
	Number = {1670},
	Pages = {3047},
	Pmid = {11046649235620917671related:p3GGv_OUTZkJ},
	Rating = {0},
	Read = {Yes},
	Title = {Courtship dives of {A}nna's {H}ummingbird offer insights into flight performance limits},
	Uri = {papers://7745578F-AF22-43C6-9381-71DCABA46510/Paper/p6268},
	Url = {http://www.google.com/search?client=safari&rls=en-us&q=Courtship+dives+of+Anna's+hummingbird+offer+insights+into+flight+performance+limits&ie=UTF-8&oe=UTF-8},
	Volume = {276},
	Year = {2009},
	Bdsk-File-1 = {YnBsaXN0MDDUAQIDBAUIJidUJHRvcFgkb2JqZWN0c1gkdmVyc2lvblkkYXJjaGl2ZXLRBgdUcm9vdIABqAkKFRYXGyIjVSRudWxs0wsMDQ4RFFpOUy5vYmplY3RzV05TLmtleXNWJGNsYXNzog8QgASABqISE4ACgAOAB1lhbGlhc0RhdGFccmVsYXRpdmVQYXRo0hgNGRpXTlMuZGF0YU8RAi4AAAAAAi4AAgAADE1hY2ludG9zaCBIRAAAAAAAAAAAAAAAAAAAAMNhm/VIKwAAEzUULh9QIFJveSBTb2MgQi1CaW9sIFMjMTMzNTE0MkYucGRmAAAAAAAAAAAAAAAAAAAAAAAAAAAAAAAAAAAAAAAAAAATNRQvx/SE+QAAAAAAAAAA/////wAACSAAAAAAAAAAAAAAAAAAAAAFQ2xhcmsAABAACAAAw2IMdQAAABEACAAAx/TnaQAAAAEAHBM1FC4TNPwPEzTflxM030sAC9/aAAvfhQAAeWsAAgBxTWFjaW50b3NoIEhEOlVzZXJzOgBkZW5uaXNldmFuZ2VsaXN0YToARG9jdW1lbnRzOgBQYXBlcnMyOgBBcnRpY2xlczoAMjAwOToAQ2xhcms6AFAgUm95IFNvYyBCLUJpb2wgUyMxMzM1MTQyRi5wZGYAAA4ASAAjAFAAIABSAG8AeQAgAFMAbwBjACAAQgAtAEIAaQBvAGwAIABTAGMAaQAgADIAMAAwADkAIABDAGwAYQByAGsALgBwAGQAZgAPABoADABNAGEAYwBpAG4AdABvAHMAaAAgAEgARAASAGFVc2Vycy9kZW5uaXNldmFuZ2VsaXN0YS9Eb2N1bWVudHMvUGFwZXJzMi9BcnRpY2xlcy8yMDA5L0NsYXJrL1AgUm95IFNvYyBCLUJpb2wgU2NpIDIwMDkgQ2xhcmsucGRmAAATAAEvAAAVAAIAGP//AACABdIcHR4fWCRjbGFzc2VzWiRjbGFzc25hbWWjHyAhXU5TTXV0YWJsZURhdGFWTlNEYXRhWE5TT2JqZWN0XxBqLi4vLi4vLi4vVXNlcnMvZGVubmlzZXZhbmdlbGlzdGEvRG9jdW1lbnRzL1BhcGVyczIvQXJ0aWNsZXMvMjAwOS9DbGFyay9QIFJveSBTb2MgQi1CaW9sIFNjaSAyMDA5IENsYXJrLnBkZtIcHSQloiUhXE5TRGljdGlvbmFyeRIAAYagXxAPTlNLZXllZEFyY2hpdmVyAAgAEQAWAB8AKAAyADUAOgA8AEUASwBSAF0AZQBsAG8AcQBzAHYAeAB6AHwAhgCTAJgAoALSAtQC2QLiAu0C8QL/AwYDDwN8A4EDhAORA5YAAAAAAAACAQAAAAAAAAAoAAAAAAAAAAAAAAAAAAADqA==},
	Bdsk-Url-1 = {http://www.google.com/search?client=safari&rls=en-us&q=Courtship+dives+of+Anna's+hummingbird+offer+insights+into+flight+performance+limits&ie=UTF-8&oe=UTF-8}}

@article{Essner:2002,
	Author = {Essner, R. L.},
	Date-Added = {2012-03-13 18:10:51 +0000},
	Date-Modified = {2012-03-13 18:10:51 +0000},
	Journal = {J. exp. Biol.},
	Pages = {2469-2477},
	Title = {Three-dimensional launch kinematics in leaping, parachuting and gliding squirrels},
	Volume = {205},
	Year = {2002},
	Bdsk-File-1 = {YnBsaXN0MDDUAQIDBAUIJidUJHRvcFgkb2JqZWN0c1gkdmVyc2lvblkkYXJjaGl2ZXLRBgdUcm9vdIABqAkKFRYXGyIjVSRudWxs0wsMDQ4RFFpOUy5vYmplY3RzV05TLmtleXNWJGNsYXNzog8QgASABqISE4ACgAOAB1lhbGlhc0RhdGFccmVsYXRpdmVQYXRo0hgNGRpXTlMuZGF0YU8RAhAAAAAAAhAAAgAADE1hY2ludG9zaCBIRAAAAAAAAAAAAAAAAAAAAMNhm/VIKwAAEzUdLRpKIEV4cCBCaW9sIDIwMDIgRXNzbmVyLnBkZgAAAAAAAAAAAAAAAAAAAAAAAAAAAAAAAAAAAAAAAAAAAAAAAAATNR0ux+DI7QAAAAAAAAAA/////wAACSAAAAAAAAAAAAAAAAAAAAAGRXNzbmVyABAACAAAw2IMdQAAABEACAAAx+ErXQAAAAEAHBM1HS0TNN+gEzTflxM030sAC9/aAAvfhQAAeWsAAgBtTWFjaW50b3NoIEhEOlVzZXJzOgBkZW5uaXNldmFuZ2VsaXN0YToARG9jdW1lbnRzOgBQYXBlcnMyOgBBcnRpY2xlczoAMjAwMjoARXNzbmVyOgBKIEV4cCBCaW9sIDIwMDIgRXNzbmVyLnBkZgAADgA2ABoASgAgAEUAeABwACAAQgBpAG8AbAAgADIAMAAwADIAIABFAHMAcwBuAGUAcgAuAHAAZABmAA8AGgAMAE0AYQBjAGkAbgB0AG8AcwBoACAASABEABIAWVVzZXJzL2Rlbm5pc2V2YW5nZWxpc3RhL0RvY3VtZW50cy9QYXBlcnMyL0FydGljbGVzLzIwMDIvRXNzbmVyL0ogRXhwIEJpb2wgMjAwMiBFc3NuZXIucGRmAAATAAEvAAAVAAIAGP//AACABdIcHR4fWCRjbGFzc2VzWiRjbGFzc25hbWWjHyAhXU5TTXV0YWJsZURhdGFWTlNEYXRhWE5TT2JqZWN0XxBiLi4vLi4vLi4vVXNlcnMvZGVubmlzZXZhbmdlbGlzdGEvRG9jdW1lbnRzL1BhcGVyczIvQXJ0aWNsZXMvMjAwMi9Fc3NuZXIvSiBFeHAgQmlvbCAyMDAyIEVzc25lci5wZGbSHB0kJaIlIVxOU0RpY3Rpb25hcnkSAAGGoF8QD05TS2V5ZWRBcmNoaXZlcgAIABEAFgAfACgAMgA1ADoAPABFAEsAUgBdAGUAbABvAHEAcwB2AHgAegB8AIYAkwCYAKACtAK2ArsCxALPAtMC4QLoAvEDVgNbA14DawNwAAAAAAAAAgEAAAAAAAAAKAAAAAAAAAAAAAAAAAAAA4I=},
	Bdsk-Url-1 = {http://www.google.com/search?client=safari&rls=en-us&q=Three-dimensional+launch+kinematics+in+leaping,+parachuting+and+gliding+squirrels&ie=UTF-8&oe=UTF-8}}

@manual{R,
	Address = {Vienna, Austria},
	Author = {{R Development Core Team}},
	Date-Added = {2012-03-13 18:10:51 +0000},
	Date-Modified = {2012-03-13 18:11:26 +0000},
	Note = {{ISBN} 3-900051-07-0},
	Organization = {R Foundation for Statistical Computing},
	Title = {R: A Language and Environment for Statistical Computing},
	Url = {http://www.R-project.org/},
	Year = {2011},
	Bdsk-Url-1 = {http://www.R-project.org/}}

@article{Tytell:2008,
	Abstract = {Fish swimming has often been simplified into the motions of a two-dimensional slice through the horizontal midline, as though fishes live in a flat world devoid of a third dimension. While fish bodies do undulate primarily horizontally, this motion has important three-dimensional components, and fish fins can move in a complex three-dimensional manner. Recent results suggest that an understanding of the three-dimensional body shape and fin motions is vital for explaining the mechanics of swimming, and that two-dimensional representations of fish locomotion are misleading. In this study, we first examine axial swimming from the two-dimensional viewpoint, detailing the limitations of this view. Then we present data on the kinematics and hydrodynamics of the dorsal fin, the anal fin and the caudal fin during steady swimming and maneuvering in brook trout, Salvelinus fontinalis, bluegill sunfish, Lepomis macrochirus, and yellow perch, Perca flavescens. These fishes actively move the dorsal and anal fins during swimming, resulting in curvature along both anterio-posterior and dorso-ventral axes. The momentum imparted to the fluid by these fins comprises a substantial portion of total swimming force, adding to thrust and contributing to roll stability. While swimming, the caudal fin also actively curves dorso-ventrally, producing vortices separately from both its upper and lower lobes. This functional separation of the lobes may allow additional control of three-dimensional orientation, but probably reduces swimming efficiency. In contrast, fish may boost the caudal fin's efficiency by taking advantage of the flow from the dorsal and anal fins as it interacts with the flow around the caudal fin itself. During maneuvering, fish readily use their fins outside of the normal planes of motion. For example, the dorsal fin can flick laterally, orienting its surface perpendicular to the body, to help in turning and braking. These data demonstrate that, while fish do move primarily in the horizontal plane, neither their bodies nor their motions can accurately be simplified in a two-dimensional representation. To begin to appreciate the functional consequences of the diversity of fish body shapes and locomotor strategies, one must escape Flatland to examine all three dimensions.},
	Affiliation = {Department of Biology, University of Maryland, College Park, MD 20742, USA.},
	Author = {Eric D Tytell and Emily M Standen and George V Lauder},
	Date-Added = {2012-03-13 18:10:51 +0000},
	Date-Modified = {2012-03-13 18:10:51 +0000},
	Doi = {10.1242/jeb.008128},
	Journal = {J. Exp. Biol.},
	Language = {eng},
	Local-Url = {file://localhost/Users/dennisevangelista/Documents/Papers/2008/Tytell/J.%20Exp.%20Biol.%202008%20Tytell.pdf},
	Month = {Jan},
	Number = {Pt 2},
	Pages = {187--95},
	Pii = {211/2/187},
	Pmid = {18165246},
	Rating = {4},
	Title = {Escaping {F}latland: three-dimensional kinematics and hydrodynamics of median fins in fishes},
	Uri = {papers://7745578F-AF22-43C6-9381-71DCABA46510/Paper/p2504},
	Volume = {211},
	Year = {2008},
	Bdsk-File-1 = {YnBsaXN0MDDUAQIDBAUIJidUJHRvcFgkb2JqZWN0c1gkdmVyc2lvblkkYXJjaGl2ZXLRBgdUcm9vdIABqAkKFRYXGyIjVSRudWxs0wsMDQ4RFFpOUy5vYmplY3RzV05TLmtleXNWJGNsYXNzog8QgASABqISE4ACgAOAB1lhbGlhc0RhdGFccmVsYXRpdmVQYXRo0hgNGRpXTlMuZGF0YU8RAhAAAAAAAhAAAgAADE1hY2ludG9zaCBIRAAAAAAAAAAAAAAAAAAAAMNhm/VIKwAAEzTz6RpKIEV4cCBCaW9sIDIwMDggVHl0ZWxsLnBkZgAAAAAAAAAAAAAAAAAAAAAAAAAAAAAAAAAAAAAAAAAAAAAAAAATNPPqw56FpgAAAAAAAAAA/////wAACSAAAAAAAAAAAAAAAAAAAAAGVHl0ZWxsABAACAAAw2IMdQAAABEACAAAw572JgAAAAEAHBM08+kTNOnaEzTflxM030sAC9/aAAvfhQAAeWsAAgBtTWFjaW50b3NoIEhEOlVzZXJzOgBkZW5uaXNldmFuZ2VsaXN0YToARG9jdW1lbnRzOgBQYXBlcnMyOgBBcnRpY2xlczoAMjAwODoAVHl0ZWxsOgBKIEV4cCBCaW9sIDIwMDggVHl0ZWxsLnBkZgAADgA2ABoASgAgAEUAeABwACAAQgBpAG8AbAAgADIAMAAwADgAIABUAHkAdABlAGwAbAAuAHAAZABmAA8AGgAMAE0AYQBjAGkAbgB0AG8AcwBoACAASABEABIAWVVzZXJzL2Rlbm5pc2V2YW5nZWxpc3RhL0RvY3VtZW50cy9QYXBlcnMyL0FydGljbGVzLzIwMDgvVHl0ZWxsL0ogRXhwIEJpb2wgMjAwOCBUeXRlbGwucGRmAAATAAEvAAAVAAIAGP//AACABdIcHR4fWCRjbGFzc2VzWiRjbGFzc25hbWWjHyAhXU5TTXV0YWJsZURhdGFWTlNEYXRhWE5TT2JqZWN0XxBiLi4vLi4vLi4vVXNlcnMvZGVubmlzZXZhbmdlbGlzdGEvRG9jdW1lbnRzL1BhcGVyczIvQXJ0aWNsZXMvMjAwOC9UeXRlbGwvSiBFeHAgQmlvbCAyMDA4IFR5dGVsbC5wZGbSHB0kJaIlIVxOU0RpY3Rpb25hcnkSAAGGoF8QD05TS2V5ZWRBcmNoaXZlcgAIABEAFgAfACgAMgA1ADoAPABFAEsAUgBdAGUAbABvAHEAcwB2AHgAegB8AIYAkwCYAKACtAK2ArsCxALPAtMC4QLoAvEDVgNbA14DawNwAAAAAAAAAgEAAAAAAAAAKAAAAAAAAAAAAAAAAAAAA4I=},
	Bdsk-Url-1 = {http://dx.doi.org/10.1242/jeb.008128}}

@article{vandenHout:2010,
	Author = {{v}an {d}en {H}out, Piet J. and Mathot, Kimberley J. and Maas, Leo R. M. and Piersma, Theunis},
	Date-Added = {2012-03-13 18:10:51 +0000},
	Date-Modified = {2012-03-13 18:10:51 +0000},
	Doi = {10.1093/beheco/arp146},
	Journal = {Behav. Ecol.},
	Local-Url = {file://localhost/Users/dennisevangelista/Documents/Papers/2010/Van%20Den%20Hout/Behav.%20Ecol.%202010%20Van%20Den%20Hout.pdf},
	Month = {Jan},
	Number = {1},
	Pages = {16--25},
	Rating = {0},
	Title = {Predator escape tactics in birds: linking ecology and aerodynamics},
	Uri = {papers://7745578F-AF22-43C6-9381-71DCABA46510/Paper/p7353},
	Volume = {21},
	Year = {2010},
	Bdsk-File-1 = {YnBsaXN0MDDUAQIDBAUIJidUJHRvcFgkb2JqZWN0c1gkdmVyc2lvblkkYXJjaGl2ZXLRBgdUcm9vdIABqAkKFRYXGyIjVSRudWxs0wsMDQ4RFFpOUy5vYmplY3RzV05TLmtleXNWJGNsYXNzog8QgASABqISE4ACgAOAB1lhbGlhc0RhdGFccmVsYXRpdmVQYXRo0hgNGRpXTlMuZGF0YU8RAj4AAAAAAj4AAgAADE1hY2ludG9zaCBIRAAAAAAAAAAAAAAAAAAAAMNhm/VIKwAAEzUdDx9CZWhhdi4gRWNvbC4gMjAxMCAjMTMzNTFEMTAucGRmAAAAAAAAAAAAAAAAAAAAAAAAAAAAAAAAAAAAAAAAAAATNR0Qx9t63lBERiBDQVJP/////wAACSAAAAAAAAAAAAAAAAAAAAAMVmFuIERlbiBIb3V0ABAACAAAw2IMdQAAABEACAAAx9vdTgAAAAEAHBM1HQ8TNRaMEzTflxM030sAC9/aAAvfhQAAeWsAAgB4TWFjaW50b3NoIEhEOlVzZXJzOgBkZW5uaXNldmFuZ2VsaXN0YToARG9jdW1lbnRzOgBQYXBlcnMyOgBBcnRpY2xlczoAMjAxMDoAVmFuIERlbiBIb3V0OgBCZWhhdi4gRWNvbC4gMjAxMCAjMTMzNTFEMTAucGRmAA4ARgAiAEIAZQBoAGEAdgAuACAARQBjAG8AbAAuACAAMgAwADEAMAAgAFYAYQBuACAARABlAG4AIABIAG8AdQB0AC4AcABkAGYADwAaAAwATQBhAGMAaQBuAHQAbwBzAGgAIABIAEQAEgBnVXNlcnMvZGVubmlzZXZhbmdlbGlzdGEvRG9jdW1lbnRzL1BhcGVyczIvQXJ0aWNsZXMvMjAxMC9WYW4gRGVuIEhvdXQvQmVoYXYuIEVjb2wuIDIwMTAgVmFuIERlbiBIb3V0LnBkZgAAEwABLwAAFQACABj//wAAgAXSHB0eH1gkY2xhc3Nlc1okY2xhc3NuYW1lox8gIV1OU011dGFibGVEYXRhVk5TRGF0YVhOU09iamVjdF8QcC4uLy4uLy4uL1VzZXJzL2Rlbm5pc2V2YW5nZWxpc3RhL0RvY3VtZW50cy9QYXBlcnMyL0FydGljbGVzLzIwMTAvVmFuIERlbiBIb3V0L0JlaGF2LiBFY29sLiAyMDEwIFZhbiBEZW4gSG91dC5wZGbSHB0kJaIlIVxOU0RpY3Rpb25hcnkSAAGGoF8QD05TS2V5ZWRBcmNoaXZlcgAIABEAFgAfACgAMgA1ADoAPABFAEsAUgBdAGUAbABvAHEAcwB2AHgAegB8AIYAkwCYAKAC4gLkAukC8gL9AwEDDwMWAx8DkgOXA5oDpwOsAAAAAAAAAgEAAAAAAAAAKAAAAAAAAAAAAAAAAAAAA74=},
	Bdsk-Url-1 = {http://dx.doi.org/10.1093/beheco/arp146}}

@conference{Evangelista:2012,
	Address = {Charleston, SC},
	Author = {Evangelista, Dennis J. and Cardona, Griselda and Ray, Neil and Tse, Kyle and Wong, Doreen},
	Booktitle = {Society for Integrative and Comparative Biology Annual Meeting, Jan 3-7},
	Date-Added = {2012-03-11 22:00:34 +0000},
	Date-Modified = {2012-03-11 22:30:36 +0000},
	Title = {Measurement of the aerodynamic stability and control effectiveness of human skydivers during free fall and directed aerial descent},
	Year = {2012},
	Bdsk-File-1 = {YnBsaXN0MDDUAQIDBAUIJidUJHRvcFgkb2JqZWN0c1gkdmVyc2lvblkkYXJjaGl2ZXLRBgdUcm9vdIABqAkKFRYXGyIjVSRudWxs0wsMDQ4RFFpOUy5vYmplY3RzV05TLmtleXNWJGNsYXNzog8QgASABqISE4ACgAOAB1lhbGlhc0RhdGFccmVsYXRpdmVQYXRo0hgNGRpXTlMuZGF0YU8RAhQAAAAAAhQAAgAADE1hY2ludG9zaCBIRAAAAAAAAAAAAAAAAAAAAMNhm/VIKwAAE6SyGh9TSUNCLTIwMTItZXZhbmdlbGkjMTNFNjUyMUMucGRmAAAAAAAAAAAAAAAAAAAAAAAAAAAAAAAAAAAAAAAAAAAT5lIcyzCn/QAAAAAAAAAAAAMAAgAACSAAAAAAAAAAAAAAAAAAAAAJc2t5ZGl2aW5nAAAQAAgAAMNiDHUAAAARAAgAAMsxGH0AAAABABATpLIaEyhqnwAL34UAAHlrAAIAWk1hY2ludG9zaCBIRDpVc2VyczoAZGVubmlzZXZhbmdlbGlzdGE6AERyb3Bib3g6AHNreWRpdmluZzoAU0lDQi0yMDEyLWV2YW5nZWxpIzEzRTY1MjFDLnBkZgAOAFoALABTAEkAQwBCAC0AMgAwADEAMgAtAGUAdgBhAG4AZwBlAGwAaQBzAHQAYQAtAGUAdAAtAGEAbAAtAHAAZABmAC0AbQBhAGkAbABhAGIAbABlAC4AcABkAGYADwAaAAwATQBhAGMAaQBuAHQAbwBzAGgAIABIAEQAEgBWVXNlcnMvZGVubmlzZXZhbmdlbGlzdGEvRHJvcGJveC9za3lkaXZpbmcvU0lDQi0yMDEyLWV2YW5nZWxpc3RhLWV0LWFsLXBkZi1tYWlsYWJsZS5wZGYAEwABLwAAFQACABj//wAAgAXSHB0eH1gkY2xhc3Nlc1okY2xhc3NuYW1lox8gIV1OU011dGFibGVEYXRhVk5TRGF0YVhOU09iamVjdF8QPy4uLy4uLy4uL3NreWRpdmluZy9TSUNCLTIwMTItZXZhbmdlbGlzdGEtZXQtYWwtcGRmLW1haWxhYmxlLnBkZtIcHSQloiUhXE5TRGljdGlvbmFyeRIAAYagXxAPTlNLZXllZEFyY2hpdmVyAAgAEQAWAB8AKAAyADUAOgA8AEUASwBSAF0AZQBsAG8AcQBzAHYAeAB6AHwAhgCTAJgAoAK4AroCvwLIAtMC1wLlAuwC9QM3AzwDPwNMA1EAAAAAAAACAQAAAAAAAAAoAAAAAAAAAAAAAAAAAAADYw==}}

@inproceedings{Cardona:2011,
	Address = {Long Beach, CA},
	Author = {Cardona, Griselda and Evangelista, Dennis and Ray, Neil and Tse, Kyle and Wong, Doreen},
	Booktitle = {American Society of Biomechanics, Aug 10-13, 2011},
	Date-Added = {2012-03-11 22:00:27 +0000},
	Date-Modified = {2012-03-11 22:30:22 +0000},
	Title = {Measurement of the aerodynamic stability and control effectiveness of human skydivers},
	Year = {2011},
	Bdsk-File-1 = {YnBsaXN0MDDUAQIDBAUIJidUJHRvcFgkb2JqZWN0c1gkdmVyc2lvblkkYXJjaGl2ZXLRBgdUcm9vdIABqAkKFRYXGyIjVSRudWxs0wsMDQ4RFFpOUy5vYmplY3RzV05TLmtleXNWJGNsYXNzog8QgASABqISE4ACgAOAB1lhbGlhc0RhdGFccmVsYXRpdmVQYXRo0hgNGRpXTlMuZGF0YU8RAkIAAAAAAkIAAgAADE1hY2ludG9zaCBIRAAAAAAAAAAAAAAAAAAAAMNhm/VIKwAAE2FHux9FdmFuZ2VsaXN0YS1ldC1hbC0jMTM2OUM3MjQucGRmAAAAAAAAAAAAAAAAAAAAAAAAAAAAAAAAAAAAAAAAAAATacckylnSTwAAAAAAAAAAAAQABAAACSAAAAAAAAAAAAAAAAAAAAARcG9zdGVyLXJlaW1hZ2luZWQAABAACAAAw2IMdQAAABEACAAAylo0vwAAAAEAFBNhR7sTMoShEyhqnwAL34UAAHlrAAIAdU1hY2ludG9zaCBIRDpVc2VyczoAZGVubmlzZXZhbmdlbGlzdGE6AERyb3Bib3g6AHBhcmFjaHV0aW5nLXNtYWxsOgBwb3N0ZXItcmVpbWFnaW5lZDoARXZhbmdlbGlzdGEtZXQtYWwtIzEzNjlDNzI0LnBkZgAADgBMACUARQB2AGEAbgBnAGUAbABpAHMAdABhAC0AZQB0AC0AYQBsAC0AQQBTAEIALQAyADAAMQAxAC0AcABvAHMAdABlAHIALgBwAGQAZgAPABoADABNAGEAYwBpAG4AdABvAHMAaAAgAEgARAASAGlVc2Vycy9kZW5uaXNldmFuZ2VsaXN0YS9Ecm9wYm94L3BhcmFjaHV0aW5nLXNtYWxsL3Bvc3Rlci1yZWltYWdpbmVkL0V2YW5nZWxpc3RhLWV0LWFsLUFTQi0yMDExLXBvc3Rlci5wZGYAABMAAS8AABUAAgAY//8AAIAF0hwdHh9YJGNsYXNzZXNaJGNsYXNzbmFtZaMfICFdTlNNdXRhYmxlRGF0YVZOU0RhdGFYTlNPYmplY3RfEF0uLi8uLi8uLi8uLi9Ecm9wYm94L3BhcmFjaHV0aW5nLXNtYWxsL3Bvc3Rlci1yZWltYWdpbmVkL0V2YW5nZWxpc3RhLWV0LWFsLUFTQi0yMDExLXBvc3Rlci5wZGbSHB0kJaIlIVxOU0RpY3Rpb25hcnkSAAGGoF8QD05TS2V5ZWRBcmNoaXZlcgAIABEAFgAfACgAMgA1ADoAPABFAEsAUgBdAGUAbABvAHEAcwB2AHgAegB8AIYAkwCYAKAC5gLoAu0C9gMBAwUDEwMaAyMDgwOIA4sDmAOdAAAAAAAAAgEAAAAAAAAAKAAAAAAAAAAAAAAAAAAAA68=}}

@conference{Evangelista:2009,
	Address = {Boston, MA},
	Author = {Evangelista, Dennis},
	Booktitle = {Society for Integrative and Comparative Biology Annual Meeting, Jan 3-7, 2009},
	Date-Added = {2012-03-11 22:00:23 +0000},
	Date-Modified = {2012-03-11 22:00:23 +0000},
	Month = {January 3-7},
	Title = {Up, up, and away! {T}he jump of the amphipod \emph{{H}yale pugettensis}},
	Year = {2009}}

@article{Evangelista:2011,
	Author = {Evangelista, Dennis and Hotton, Scott and Dumais, Jacques},
	Date-Added = {2012-03-11 21:54:37 +0000},
	Date-Modified = {2012-03-11 21:56:06 +0000},
	Doi = {10.1242/jeb.050567},
	Journal = {Journal of Experimental Biology},
	Pages = {521--529},
	Title = {The mechanics of explosive dispersal and self-burial in the seeds of the filaree, \emph{{E}rodium cicutarium} ({G}eraniaceae)},
	Volume = {214},
	Year = {2011},
	Bdsk-Url-1 = {http://dx.doi.org/10.1242/jeb.050567}}

@article{Yanoviak:2011,
	Author = {Yanoviak, Stephen P. and Munk, Yonatan and Dudley, Robert},
	Date-Added = {2012-03-11 21:51:54 +0000},
	Date-Modified = {2012-03-11 21:53:06 +0000},
	Doi = {10.1093/icb/icr006},
	Journal = {Integr. Comp. Biol.},
	Number = {6},
	Pages = {944-956},
	Title = {Evolution and ecology of directed aerial descent in arboreal ants},
	Volume = {51},
	Year = {2011},
	Bdsk-Url-1 = {http://dx.doi.org/10.1093/icb/icr006}}

@phdthesis{Munk:2011,
	Author = {Munk, Jonathan Daniel},
	Date-Added = {2012-03-11 20:03:07 +0000},
	Date-Modified = {2012-03-11 20:03:42 +0000},
	School = {University of California, Berkeley},
	Title = {The Descent of Ant},
	Year = {2011},
	Bdsk-File-1 = {YnBsaXN0MDDUAQIDBAUIJidUJHRvcFgkb2JqZWN0c1gkdmVyc2lvblkkYXJjaGl2ZXLRBgdUcm9vdIABqAkKFRYXGyIjVSRudWxs0wsMDQ4RFFpOUy5vYmplY3RzV05TLmtleXNWJGNsYXNzog8QgASABqISE4ACgAOAB1lhbGlhc0RhdGFccmVsYXRpdmVQYXRo0hgNGRpXTlMuZGF0YU8RAaAAAAAAAaAAAgAADE1hY2ludG9zaCBIRAAAAAAAAAAAAAAAAAAAAMNhm/VIKwAAFAl4vgp0aGVzaXMucGRmAAAAAAAAAAAAAAAAAAAAAAAAAAAAAAAAAAAAAAAAAAAAAAAAAAAAAAAAAAAAAAAAAAAAAAAUCXnsy3vdPgAAAAAAAAAAAAQAAwAACSAAAAAAAAAAAAAAAAAAAAALbXVuay10aGVzaXMAABAACAAAw2IMdQAAABEACAAAy3xNvgAAAAEAEBQJeL4AC9/JAAvfhQAAeWsAAgBHTWFjaW50b3NoIEhEOlVzZXJzOgBkZW5uaXNldmFuZ2VsaXN0YToARGVza3RvcDoAbXVuay10aGVzaXM6AHRoZXNpcy5wZGYAAA4AFgAKAHQAaABlAHMAaQBzAC4AcABkAGYADwAaAAwATQBhAGMAaQBuAHQAbwBzAGgAIABIAEQAEgA2VXNlcnMvZGVubmlzZXZhbmdlbGlzdGEvRGVza3RvcC9tdW5rLXRoZXNpcy90aGVzaXMucGRmABMAAS8AABUAAgAY//8AAIAF0hwdHh9YJGNsYXNzZXNaJGNsYXNzbmFtZaMfICFdTlNNdXRhYmxlRGF0YVZOU0RhdGFYTlNPYmplY3RfECouLi8uLi8uLi8uLi9EZXNrdG9wL211bmstdGhlc2lzL3RoZXNpcy5wZGbSHB0kJaIlIVxOU0RpY3Rpb25hcnkSAAGGoF8QD05TS2V5ZWRBcmNoaXZlcgAIABEAFgAfACgAMgA1ADoAPABFAEsAUgBdAGUAbABvAHEAcwB2AHgAegB8AIYAkwCYAKACRAJGAksCVAJfAmMCcQJ4AoECrgKzArYCwwLIAAAAAAAAAgEAAAAAAAAAKAAAAAAAAAAAAAAAAAAAAto=}}

@book{Bradski:2008,
	Author = {Bradski, Gary and Kaehler, Adrian},
	Date-Added = {2012-03-11 19:57:02 +0000},
	Date-Modified = {2012-03-11 19:58:38 +0000},
	Publisher = {O'Reilly},
	Title = {Learning {OpenCV}},
	Year = {2008}}
